<?xml version="1.0" encoding="UTF-8"?><collection xmlns="http://www.loc.gov/MARC21/slim"><record><leader>00350nam--2200121-i-4500</leader><controlfield tag="001">000026676</controlfield><controlfield tag="002">20161230</controlfield><controlfield tag="005">20161230201036</controlfield><controlfield tag="008">060222s1000------------r-----000-0-eng-d</controlfield><datafield ind1=" " ind2=" " tag="100"><subfield code="a">Kleen, W.J</subfield></datafield><datafield ind1=" " ind2=" " tag="245"><subfield code="a">Electronics of microwave tubes. trans.by p.a.lindsay, a.reddich, c.r.russell</subfield></datafield><datafield ind1=" " ind2=" " tag="260"><subfield code="a">New York, Academic Press, 1958, Xxi + 349p</subfield></datafield><datafield ind1=" " ind2=" " tag="852"><subfield code="a">15140</subfield></datafield></record></collection>